<?xml version="1.0" encoding="UTF-8"?><collection xmlns="http://www.loc.gov/MARC21/slim"><record><leader>00618nam--2200193-u-4500</leader><controlfield tag="001">000055320</controlfield><controlfield tag="002">20161230</controlfield><controlfield tag="005">20161230201052</controlfield><controlfield tag="008">121219s1000------------r-----000-0-rum-d</controlfield><datafield ind1=" " ind2=" " tag="040"><subfield code="a">IFIN-HH</subfield></datafield><datafield ind1=" " ind2=" " tag="041"><subfield code="a">rum</subfield></datafield><datafield ind1=" " ind2=" " tag="080"><subfield code="a">539.23(043)</subfield></datafield><datafield ind1="1" ind2=" " tag="100"><subfield code="a">Alexe, Marin</subfield></datafield><datafield ind1="1" ind2="0" tag="245"><subfield code="a">Realizarea si caracterizarea straturilor subtiri cu proprietati feroelectrice pentru aplicatii in detectia in infrarosu</subfield><subfield code="b">Teza</subfield><subfield code="c">Marin alexe</subfield></datafield><datafield ind1=" " ind2=" " tag="260"><subfield code="a">Bucuresti</subfield><subfield code="b">Institutul D Fizica Atomica</subfield><subfield code="c">1995</subfield></datafield><datafield ind1=" " ind2=" " tag="300"><subfield code="a">171P</subfield></datafield><datafield ind1=" " ind2=" " tag="502"><subfield code="a">Conducator Stiintific: Dr. Constantin Tanasoiu</subfield></datafield><datafield ind1=" " ind2=" " tag="852"><subfield code="a">80472</subfield><subfield code="c">539.23</subfield></datafield><datafield ind1=" " ind2=" " tag="CAT"><subfield code="a">Sys</subfield><subfield code="c">20121219</subfield><subfield code="h">160424</subfield></datafield></record></collection>